@inproceedings{reynolds1987flocks,
  title     = {Flocks, herds and schools: A distributed behavioral model},
  author    = {Reynolds, Craig W.},
  booktitle = {Proceedings of the 14th Annual Conference on Computer Graphics and Interactive Techniques (SIGGRAPH '87)},
  pages     = {25--34},
  year      = {1987},
  publisher = {ACM},
  doi       = {10.1145/37401.37406}
}
@article{TaNguyenYagi2017_foraging,
  title        = {A stochastic differential equation model for foraging behavior of fish schools},
  author       = {Tôn Viêt Ta and Linh Thi Hoai Nguyen},
  journal      = {arXiv preprint arXiv:1509.00063},
  version      = {v3},
  year         = {2017},
  eprint       = {1509.00063},
  archivePrefix= {arXiv},
  primaryClass = {math.PR}
}
@article{Isaeva2012_SelfOrganizationBiologicalSystems,
  title        = {Self‑Organization in Biological Systems},
  author       = {Valeria Isaeva},
  journal      = {{Izvestiia Akademii nauk. Seriia biologicheskaia / Rossiiskaia akademiia nauk}},
  volume       = {39},
  number       = {2},
  pages        = {144--153},
  year         = {2012},
  doi          = {10.1134/S1062359012020069},
}
@article{HartonoNguyenTa2024,
  title        = {A stochastic differential equation model for predator‑avoidance fish schooling},
  author       = {Aditya Dewanto Hartono and Linh Thi Hoai Nguyen and Tôn Việt Tạ},
  journal      = {Mathematical Biosciences},
  volume       = {367},
  pages        = {109112},
  year         = {2024},
  doi          = {10.1016/j.mbs.2023.109112},
}
@article{Giske2008_EmergingSchoolStructures,
  title        = {Emerging school structures and collective dynamics in spawning herring},
  author       = {Giske, J. and others},
  journal      = {Ecological Modelling},
  volume       = {214},
  pages        = {125--140},
  year         = {2008},
}
@article{UchitaneTonYagi2012_ODEFishSchooling,
  title        = {An ordinary differential equation model for fish schooling},
  author       = {Takeshi Uchitane and T\^a Vi\^et T\h a and Atsushi Yagi},
  journal      = {Scientiae Mathematicae Japonicae Online},
  year         = {2012},
  volume       = {2012},
  pages        = {415--426},
}
@mastersthesis{Rillahan2008,
  author = {Christopher B. Rillahan},
  title = {The behavior of Atlantic cod, \textit{Gadus morhua}, in an offshore net pen},
  school = {University of New Hampshire},
  year = {2008},
  type = {Master's thesis},
}
@phdthesis{johannesen2013predator,
  author       = {Asa Johannesen},
  title        = {Predator-Prey Interactions in Aquatic Environments},
  school       = {The University of Leeds, School of Biology},
  year         = {2013},
}
@article{shaw1978schooling,
  author = {Evelyn Shaw},
  title = {Schooling Fishes: The school, a truly egalitarian form of organization in which all members of the group are alike in influence, offers substantial benefits to its participants},
  journal = {American Scientist},
  volume = {66},
  number = {2},
  pages = {166--175},
  year = {1978},
}
@article{pavlov2000behavior,
  author = {Pavlov, D. S. and Kasumyan, A. O.},
  title = {Patterns and Mechanisms of Schooling Behavior in Fish: A Review},
  journal = {Journal of Ichthyology},
  volume = {40},
  number = {Suppl. 2},
  pages = {S163--S231},
  year = {2000},
  school = {Moscow State University},
}
@article{He1991,
  author    = {Pingguo He},
  title     = {Swimming endurance of the Atlantic cod, {Gadus morhua} L., at low temperatures},
  journal   = {Fisheries Research},
  volume    = {12},
  number    = {1},
  pages     = {65--73},
  year      = {1991},
  doi       = {10.1016/0165-7836(91)90050-P}
}
@article{Boyar1961,
  author       = {H. C. Boyar},
  title        = {Swimming Speed of Immature Atlantic Herring with Reference to the Passamaquoddy Tidal Project},
  journal      = {Transactions of the American Fisheries Society},
  year         = {1961},
  volume       = {90},
  number       = {1},
  pages        = {21--26},
  doi          = {10.1577/1548-8659(1961)90[21:SSOIAH]2.0.CO;2},
}
